<?xml version="1.0" encoding="UTF-8"?>
<record xmlns="http://www.loc.gov/MARC21/slim" xmlns:xsi="http://www.w3.org/2001/XMLSchema-instance" xsi:schemaLocation="http://www.loc.gov/MARC21/slim http://www.loc.gov/standards/marcxml/schema/MARC21slim.xsd">
<leader>     cam a2200217   4500</leader>
<controlfield tag="001">001681984</controlfield>
<controlfield tag="003">NNU</controlfield>
<controlfield tag="005">20001218234919.0</controlfield>
<controlfield tag="008">780117s1955    ir a          000 0bara</controlfield>
<datafield tag="010" ind1=" " ind2=" ">
<subfield code="a">ne 68001311</subfield>
</datafield>
<datafield tag="035" ind1="9" ind2=" ">
<subfield code="a">NYUb12225392</subfield>
</datafield>
<datafield tag="035" ind1=" " ind2=" ">
<subfield code="a">NN784026241</subfield>
</datafield>
<datafield tag="035" ind1=" " ind2=" ">
<subfield code="a">(CStRLIN)NYPG784026241-B</subfield>
</datafield>
<datafield tag="040" ind1=" " ind2=" ">
<subfield code="c">NN</subfield>
<subfield code="d">NN</subfield>
</datafield>
<datafield tag="100" ind1="1" ind2=" ">
<subfield code="a">al-Rāwandī, Faḍl Allāh ibn ʻAlī,</subfield>
<subfield code="d">12th cent.</subfield>
</datafield>
<datafield tag="245" ind1="1" ind2="0">
<subfield code="a">Dīwān :</subfield>
<subfield code="b">al-Sayyid al-Imān Ḍiyāʼ al-Din Abī al-Riḍā Faḍl Allāh al-Ḥasanī al-Rāwandī al-Qāsāni. ʻUniya bi-taṣḥihih wa-ṭabʻ ih al-Sayyid Jalāl al-Dīn al-Urmawī al-mushtahir bi-al-Muḥaddith. al-Tabʼ ah 1.</subfield>
</datafield>
<datafield tag="260" ind1=" " ind2=" ">
<subfield code="a">[Ṭihrān?] :</subfield>
<subfield code="b">Maṭbaʻat al-Majlis,</subfield>
<subfield code="c">[1955]</subfield>
</datafield>
<datafield tag="300" ind1=" " ind2=" ">
<subfield code="a">40, 311 p. :</subfield>
<subfield code="b">facsims. ;</subfield>
<subfield code="c">25 cm.</subfield>
</datafield>
<datafield tag="700" ind1="1" ind2=" ">
<subfield code="a">Muḥaddis̲, Jalāl al-Dīn Ḥusaynī</subfield>
</datafield>
<datafield tag="OWN" ind1=" " ind2=" ">
<subfield code="a">GENERAL</subfield>
</datafield>
<datafield tag="950" ind1=" " ind2=" ">
<subfield code="l">BMAIN</subfield>
<subfield code="a">PK6529.A9</subfield>
<subfield code="b">A6 1955</subfield>
</datafield>
<datafield tag="955" ind1=" " ind2=" ">
<subfield code="l">BMAIN</subfield>
<subfield code="c">1</subfield>
<subfield code="r">029141473</subfield>
</datafield>
<datafield tag="998" ind1=" " ind2=" ">
<subfield code="s">1665</subfield>
</datafield>
<datafield tag="AVA" ind1=" " ind2=" ">
<subfield code="a">NYU50</subfield>
<subfield code="b">BOBST</subfield>
<subfield code="c">Main Collection</subfield>
<subfield code="d">PK6529.A9 A6 1955</subfield>
<subfield code="e">unavailable</subfield>
<subfield code="t">Unavailable</subfield>
<subfield code="f">1</subfield>
<subfield code="g">1</subfield>
<subfield code="h">N</subfield>
<subfield code="i">0</subfield>
<subfield code="j">MAIN</subfield>
<subfield code="k">0</subfield>
</datafield>
</record>
